<?xml version="1.0" encoding="UTF-8"?><collection><record><leader>06618ntm a2200601 a 4500</leader><controlfield tag="001">006832571</controlfield><controlfield tag="003">MiAaHDL</controlfield><controlfield tag="005">20190719000000.0</controlfield><controlfield tag="006">m        d        </controlfield><controlfield tag="007">cr bn ---auaua</controlfield><controlfield tag="008">090629s1854    xx            00| ||ara d</controlfield><datafield tag="035" ind1=" " ind2=" "><subfield code="a">(MiU)006832571</subfield></datafield><datafield tag="035" ind1=" " ind2=" "><subfield code="a">sdr-miu006832571</subfield></datafield><datafield tag="040" ind1=" " ind2=" "><subfield code="a">MiU</subfield><subfield code="c">MiU</subfield><subfield code="e">amremm</subfield></datafield><datafield tag="043" ind1=" " ind2=" "><subfield code="a">n-us-mi</subfield></datafield><datafield tag="100" ind1="0" ind2=" "><subfield code="6">880-01</subfield><subfield code="a">Ḥarīrī,</subfield><subfield code="d">1054-1122.</subfield></datafield><datafield tag="245" ind1="1" ind2="0"><subfield code="6">880-03</subfield><subfield code="a">Sharḥ Qaṣīdat al-Ḥarīrī,</subfield><subfield code="f">[1271, i.e. 1854].</subfield></datafield><datafield tag="246" ind1="3" ind2="8"><subfield code="a">قصيدة الحريرى ملحة الاعراب</subfield></datafield><datafield tag="246" ind1="3" ind2=" "><subfield code="i">Title from colophon on p.122:</subfield><subfield code="a">ملحة وشرحها</subfield></datafield><datafield tag="246" ind1="3" ind2=" "><subfield code="i">Title from inscription on verso of front flyleaf:</subfield><subfield code="a">ملحة الاعراب</subfield></datafield><datafield tag="260" ind1=" " ind2=" "><subfield code="c">[1854].</subfield></datafield><datafield tag="300" ind1=" " ind2=" "><subfield code="a">62 leaves :</subfield><subfield code="b">paper ;</subfield><subfield code="c">211 x 145 (160 x 85) mm. bound to 219 x 150 mm.</subfield></datafield><datafield tag="500" ind1=" " ind2=" "><subfield code="a">Shelfmark: Ann Arbor, University of Michigan, Special Collections Library, Isl. Ms. 947</subfield></datafield><datafield tag="500" ind1=" " ind2=" "><subfield code="a">Origin: As appears in colophon on p.122, copied by Aḥmad ibn al-Shaykh Muḥammad al-Ṭayyib with transcription completed 19 Ṣafar 1271 [ca. 11 November 1854].</subfield></datafield><datafield tag="500" ind1=" " ind2=" "><subfield code="a">Former shelfmark: Mich. Isl. Ms. temp. no. 96</subfield></datafield><datafield tag="500" ind1=" " ind2=" "><subfield code="a">Binding: Boards covered in textured black cloth with black leather over spine (quarter binding) ; Western style binding ; pastedowns and flyleaves in wove paper printed with a floral vegetal pattern in pink and green ; spine gold-stamped with title and decorative accents over raised bands "قصيدة الحريري ملحة الاعراب" ; sewn in white thread over two recessed cords ; overall in fairly good condition with minor abrasion and staining.</subfield></datafield><datafield tag="500" ind1=" " ind2=" "><subfield code="a">Support: European laid paper of several types (all extremely well-burnished) ; opening type with 8-9 laid lines per cm. (vertical), chain lines spaced 26 mm. apart (horizontal), and watermark of scrollwork / arms consisting of two-headed eagle with crown above, star and trefoil at center, and "G. C. C." below (see p.2, 10, 12, etc.), dark cream to beige in color, well-burnished to glossy ; another type with 11 laid lines per cm. (vertical), chain lines spaced 22-24 mm. apart (horizontal), and watermark of "GIOR MAGNANI" under scrollwork / arms with bird above tower (see p.22, 24, 30, 32, etc. and compare Heawood 3748 and Walz, "The Paper trade of Egypt and the Sudan," p.88), medium cream in color, well-burnished to glossy ; another type with 11 laid lines per cm. (vertical), chain lines spaced 26 mm. apart (horizontal), and watermark of "G M" under scrollwork (see p.50, etc.), dark cream to beige in color, well-burnished to glossy ; some staining, creases and tears.</subfield></datafield><datafield tag="500" ind1=" " ind2=" "><subfield code="a">Decoration: Keywords and headings rubricated ; textual dividers in the form of inverted commas in red.</subfield></datafield><datafield tag="500" ind1=" " ind2=" "><subfield code="a">Script: Naskh-nastaʻlīq (talik) ; clear, compact Turkish hand in a medium to bold line ; characteristically serifless with marked inclination to the right, mainly closed counters, some elongation of horizontal strokes, pointing in strokes rather than distinct dots, final yāʼ often unpointed.</subfield></datafield><datafield tag="500" ind1=" " ind2=" "><subfield code="a">Layout: Written in 25 lines per page ; frame-ruled.</subfield></datafield><datafield tag="500" ind1=" " ind2=" "><subfield code="a">Collation: i, 5 V(50), VI (62), i ; exclusively quinions with final senion ; quire numbering in the form of Hindu-Arabic numerals under letter kāf in upper margin of recto of opening leaf of each quire ; final leaf left blank ; catchwords present ; pagination in pencil, Western numerals (supplied during digitization).</subfield></datafield><datafield tag="500" ind1=" " ind2=" "><subfield code="a">Colophon: "Scribal," triangular, reads "تمت الملحة وشرحها نهار الجمعة المبارك لتسعة عشر يوما مضين من صفر سنة الف ومائتين واحدى وسبعين على يد الفقير الى الله سبحانه احمد بن الشيخ محمد الطيب غفر الله له ولوالديه ولمشايخه وللمسلمين اجمعين امين م"</subfield></datafield><datafield tag="500" ind1=" " ind2=" "><subfield code="a">Explicit: "ثم الصلاة بعد حمد الصمد على النبي المصطفى محمد واله وصحبه الاخيار على روام الليل والنهار واله الأئمة الاخيار القانتين في الدجا الابرار"</subfield></datafield><datafield tag="500" ind1=" " ind2=" "><subfield code="a">Incipit: "قال الشيخ الامام العالم العلامة ... ابو محمد القاسم بن علي الحريري ... اقول من بعد افتتاح القول بحمد ذي الطول شديد الحول ... الحد ما يمنع الشيء المحدود من الخروج عما حد به ويمنع غيره من الدخول فيه ومنه اشتقاق حدود الدار والحد في اللغة هو المنع ومنه سمي البواب حدادا لانه يمنعه الطارق من الدخول ..."</subfield></datafield><datafield tag="500" ind1=" " ind2=" "><subfield code="a">Title from inscription on 'title page' / opening leaf (p.1).</subfield></datafield><datafield tag="500" ind1=" " ind2=" "><subfield code="a">Ms. codex.</subfield></datafield><datafield tag="510" ind1="4" ind2=" "><subfield code="a">Heawood, Edward. Watermarks mainly of the 17th and 18th centuries. Monumenta Chartae Papyraceae, vol. I Hilversum: The Paper Publications Society, 1950.</subfield></datafield><datafield tag="510" ind1="4" ind2=" "><subfield code="a">Walz, Terence. "The Paper trade of Egypt and the Sudan in the eighteenth and nineteenth centuries and its re-export to the Bilad as-Sudan." In The Trans-Saharan book trade: manuscript culture, Arabic literacy, and intellectual history in Muslim Africa. Graziano Krätli and Ghislaine Lydon, Eds. (Leiden : Brill, 2011):</subfield><subfield code="c">73-108.</subfield></datafield><datafield tag="510" ind1="4" ind2=" "><subfield code="a">Brockelmann, C. GAL,</subfield><subfield code="c">I 277 (VII.) ; S I 488</subfield></datafield><datafield tag="520" ind1="8" ind2=" "><subfield code="a">Fine copy of al-Ḥarīrī’s (d.516/1122) didactic urjūzah on grammar, Mulḥat al-iʻrāb, accompanied by commentary.</subfield></datafield><datafield tag="538" ind1=" " ind2=" "><subfield code="a">Mode of access: Internet.</subfield></datafield><datafield tag="541" ind1=" " ind2=" "><subfield code="a">Acquired in the Fall of 1950.</subfield></datafield><datafield tag="546" ind1=" " ind2=" "><subfield code="a">Arabic.</subfield></datafield><datafield tag="561" ind1=" " ind2=" "><subfield code="a">On upper pastedown label with ex libris of James Heyworth-Dunne (d.1974), stamped with inventory numbers, "Ex Libris | J. Heyworth-Dunne | D. Lit. (London) | No.7776" ; UM Library inscription on p.5 "Dunning | Heyworth-Dunne | 6-13-51 | 71955" ; glosses and marginal corrections (often with signes de renvoi and marked marked "صح" ).</subfield></datafield><datafield tag="600" ind1="0" ind2="0"><subfield code="a">Ḥarīrī,</subfield><subfield code="d">1054-1122.</subfield><subfield code="t">Mulḥat al-iʻrāb.</subfield></datafield><datafield tag="650" ind1=" " ind2="0"><subfield code="a">Manuscripts, Arabic</subfield><subfield code="z">Michigan</subfield><subfield code="z">Ann Arbor.</subfield></datafield><datafield tag="650" ind1=" " ind2="0"><subfield code="a">Arabic language</subfield><subfield code="x">Grammar</subfield><subfield code="v">Early works to 1800.</subfield></datafield><datafield tag="700" ind1="1" ind2=" "><subfield code="a">Heyworth-Dunne, J.</subfield><subfield code="q">(James),</subfield><subfield code="e">former owner.</subfield></datafield><datafield tag="700" ind1="0" ind2=" "><subfield code="6">880-05</subfield><subfield code="a">Aḥmad ibn Muḥammad al-Ṭayyib,</subfield><subfield code="d">fl. 1854,</subfield><subfield code="e">scribe.</subfield></datafield><datafield tag="773" ind1="0" ind2=" "><subfield code="a">Heyworth-Dunne Collection.</subfield></datafield><datafield tag="880" ind1="0" ind2=" "><subfield code="6">700-05/</subfield><subfield code="a">احمد بن محمد الطيب،</subfield><subfield code="e">ناسخ.</subfield></datafield><datafield tag="880" ind1="1" ind2="0"><subfield code="6">245-03/</subfield><subfield code="a">شرح قصيدة الحريري,</subfield><subfield code="f">[1271ه, 1854م].</subfield></datafield><datafield tag="880" ind1="0" ind2=" "><subfield code="6">100-01/</subfield><subfield code="a">حريري.</subfield></datafield><datafield tag="CID" ind1=" " ind2=" "><subfield code="a">006832571</subfield></datafield><datafield tag="DAT" ind1="0" ind2=" "><subfield code="a">20190719102640.0</subfield><subfield code="b">20190719000000.0</subfield></datafield><datafield tag="DAT" ind1="1" ind2=" "><subfield code="a">20190719090653.0</subfield><subfield code="b">2019-07-19T16:12:25Z</subfield></datafield><datafield tag="DAT" ind1="2" ind2=" "><subfield code="a">2015-10-10T18:00:06Z</subfield></datafield><datafield tag="CAT" ind1=" " ind2=" "><subfield code="a">SDR-MIU</subfield><subfield code="d">EX LIBRIS - ALEPH</subfield><subfield code="l">prepare.pl-004-008</subfield></datafield><datafield tag="FMT" ind1=" " ind2=" "><subfield code="a">BK</subfield></datafield><datafield tag="HOL" ind1=" " ind2=" "><subfield code="0">sdr-miu006832571</subfield><subfield code="a">MiU</subfield><subfield code="b">SDR</subfield><subfield code="c">MIU</subfield><subfield code="p">mdp.39015079131283</subfield><subfield code="s">MIU</subfield><subfield code="1">006832571</subfield></datafield><datafield tag="974" ind1=" " ind2=" "><subfield code="b">MIU</subfield><subfield code="c">MIU</subfield><subfield code="d">20190719</subfield><subfield code="s">lit-dlps-dc</subfield><subfield code="u">mdp.39015079131283</subfield><subfield code="y">1854</subfield><subfield code="r">pd</subfield><subfield code="q">bib</subfield><subfield code="t">non-US bib date1 &lt; 1896</subfield></datafield></record></collection>